<?xml version="1.0" encoding="UTF-8"?><collection xmlns="http://www.loc.gov/MARC21/slim"><record><leader>00448nam--2200133-i-4500</leader><controlfield tag="001">000037932</controlfield><controlfield tag="002">20161230</controlfield><controlfield tag="005">20161230201041</controlfield><controlfield tag="008">060222s1000------------r-----000-0-eng-d</controlfield><datafield ind1=" " ind2=" " tag="080"><subfield code="a">543(043):539.124</subfield></datafield><datafield ind1=" " ind2=" " tag="100"><subfield code="a">Radu Rodica Elena</subfield></datafield><datafield ind1=" " ind2=" " tag="245"><subfield code="a">Studiul imprastierii  pe modele experimentale in vederea determinarii continutului de cenusa din carbuni cu ajutorul radiatiilor. teza de doctorat</subfield></datafield><datafield ind1=" " ind2=" " tag="260"><subfield code="a">Bucuresti, Csen,Ifa,1975. 204p</subfield></datafield><datafield ind1=" " ind2=" " tag="852"><subfield code="a">43481</subfield></datafield></record></collection>